@article{Jiang-2019,
  title={Articial Intelligence},
  author={姜玉洁 and 王彬},
  journal={电子商务},
  number={12},
  pages={3},
  year={2019},
  doi={CNKI:SUN:DZKJ.0.2019-12-029}
}
